@Article{Aiba:1997ho,
  author = {Shin-Ichiro Aiba and Takashi Kohyama},
  title = {Crown architecture and life-history traits of 14 tree species in a warm- temperate rain forest: significance of spatial heterogeneity},
  journal = {J. Ecol.},
  year = {1997},
  volume = {85},
  number = {5},
  pages = {611--624},
  doi = {10.2307/2960532},
  url = {http://www.jstor.org/stable/2960532?origin=crossref},
  institution = {Journal of Ecology},
}

@Article{Aiba:2009ft,
  author = {Masahiro Aiba and Tohru Nakashizuka},
  title = {Growth properties of 16 non-pioneer rain forest tree species differing in sapling architecture},
  journal = {J. Ecol.},
  year = {2009},
  volume = {97},
  number = {5},
  pages = {992--999},
  publisher = {Blackwell Publishing Ltd},
  doi = {10.1111/j.1365-2745.2009.01522.x},
  url = {http://doi.wiley.com/10.1111/j.1365-2745.2009.01522.x},
  institution = {Journal of Ecology},
}

@Article{Antunez:2001gk,
  author = {Isabel Antunez and Emilio C Retamosa and Rafael Villar},
  title = {Relative growth rate in phylogenetically related deciduous and evergreen woody species},
  journal = {Oecologia},
  year = {2001},
  volume = {128},
  number = {2},
  pages = {172--180},
  publisher = {Springer-Verlag},
  doi = {10.1007/s004420100645},
  institution = {Oecologia},
}

@Article{Atkin:1998in,
  author = {K Atkin and M Schortemeyer and N Mcfarlane and J R Evans},
  title = {Variation in the components of relative growth rate in ten {Acacia} species from contrasting environments},
  journal = {Plant Cell Environ.},
  year = {1998},
  volume = {21},
  pages = {1007--1017},
  doi = {10.1046/j.1365-3040.1998.00356.x},
  url = {http://onlinelibrary.wiley.com/doi/10.1046/j.1365-3040.1998.00356.x/full},
  institution = {Plant Cell and Environment},
}

@Article{augspurger_light_1984,
  author = {Carol K Augspurger},
  title = {Light requirements of neotropical tree seedlings: a comparative study of growth and survival},
  journal = {J. Ecol.},
  year = {1984},
  volume = {72},
  number = {3},
  pages = {777--795},
  publisher = {British Ecological Society},
  doi = {10.2307/2259531},
  url = {http://www.jstor.org/stable/2259531?origin=crossref},
  institution = {Journal of Ecology},
}

@Article{baltzer_physiological_2007,
  author = {J L Baltzer and S Thomas},
  title = {Physiological and morphological correlates of whole-plant light compensation point in temperate deciduous tree seedlings},
  journal = {Oecologia},
  year = {2007},
  volume = {153},
  number = {2},
  pages = {209--223},
  publisher = {Springer-Verlag},
  doi = {10.1007/s00442-007-0722-2},
  url = {http://dx.doi.org/10.1007/s00442-007-0722-2},
  institution = {Oecologia},
}

@Article{baraloto_differential_2006,
  author = {Christopher Baraloto and Damien Bonal and Deborah E Goldberg},
  title = {Differential seedling growth response to soil resource availability among nine neotropical tree species},
  journal = {J. Trop. Ecol.},
  year = {2006},
  volume = {22},
  number = {05},
  pages = {487--497},
  publisher = {Cambridge University Press},
  doi = {10.1017/S0266467406003439},
  url = {http://journals.cambridge.org/action/displayAbstract?aid=458659},
  institution = {Journal of Tropical Ecology},
}

@Article{baraloto_seed_2005,
  author = {C Baraloto and P-M Forget and D E Goldberg},
  title = {Seed mass, seedling size and neotropical tree seedling establishment},
  journal = {J. Ecol.},
  year = {2005},
  volume = {93},
  number = {6},
  pages = {1156--1166},
  publisher = {Blackwell Science Ltd},
  doi = {10.1111/j.1365-2745.2005.01041.x},
  url = {http://dx.doi.org/10.1111/j.1365-2745.2005.01041.x},
  institution = {Journal of Ecology},
}

@Article{Bloor:2003fa,
  author = {Juliette M G Bloor and Peter J Grubb},
  title = {Growth and mortality in high and low light: trends among 15 shade-tolerant tropical rain forest tree species},
  journal = {J. Ecol.},
  year = {2003},
  volume = {91},
  number = {1},
  pages = {77--85},
  doi = {10.1046/j.1365-2745.2003.00743.x},
  url = {http://www.blackwell-synergy.com/links/doi/10.1046%2Fj.1365-2745.2003.00743.x},
  institution = {Journal of Ecology},
}

@Article{Bohlman:2006eo,
  author = {Stephanie Bohlman and Sean O'Brien},
  title = {Allometry, adult stature and regeneration requirement of 65 tree species on {Barro Colorado Island, Panama}},
  journal = {J. Trop. Ecol.},
  year = {2006},
  volume = {22},
  number = {02},
  doi = {10.1017/S0266467405003019},
  url = {http://www.journals.cambridge.org/abstract_S0266467405003019},
  institution = {Journal of Tropical Ecology},
}

@Article{Broncano:1998ck,
  author = {Maria Jos{\'e} Broncano and Miquel Riba and Javier Retana},
  title = {Seed germination and seedling performance of two Mediterranean tree species, {Holm} oak (\textit{{Quercus} ilex} L.) and {Aleppo} pine (\textit{{Pinus} halepensis} Mill.): a multifactor experimental approach},
  journal = {Plant Ecol.},
  year = {1998},
  volume = {138},
  number = {1},
  pages = {17--26},
  publisher = {Kluwer Academic Publishers},
  doi = {10.1023/A:1009784215900},
  url = {http://link.springer.com/article/10.1023/A:1009784215900},
  institution = {Plant Ecology},
}

@Article{Brown:1996ks,
  author = {K R Brown and W A Thompson and G F Weetman},
  title = {Effects of N addition rates on the productivity of \textit{Picea sitchensis}, \textit{Thuja plicata}, and \textit{Tsuga heterophylla} seedlings},
  journal = {Trees},
  year = {1996},
  volume = {10},
  number = {3},
  pages = {189--197},
  publisher = {Springer-Verlag},
  doi = {10.1007/BF02340771},
}

@Article{Bruhn:2000jz,
  author = {D Bruhn and J W Leverenz and H Sawe},
  title = {Effects of tree size and temperature on relative growth rate and its components of \textit{Fagus sylvatica} seedlings exposed to two partial pressures of atmospheric {[CO2]}},
  journal = {New Phytol.},
  year = {2000},
  volume = {146},
  number = {3},
  pages = {415--425},
  doi = {10.1046/j.1469-8137.2000.00661.x},
  url = {http://doi.wiley.com/10.1046/j.1469-8137.2000.00661.x},
  institution = {New Phytologist},
}

@Article{Cai:2007ie,
  author = {Zhi-Quan Cai and Lourens Poorter and Kun-Fang Cao and Frans Bongers},
  title = {Seedling growth strategies in {Bauhinia} species: comparing lianas and trees},
  journal = {Ann. Bot.},
  year = {2007},
  volume = {100},
  number = {4},
  pages = {831--838},
  doi = {10.1093/aob/mcm179},
  url = {http://www.pubmedcentral.nih.gov/articlerender.fcgi?artid=2749636&tool=pmcentrez&rendertype=abstract},
  institution = {Annals of Botany},
}

@Article{CamaraZapata:2003df,
  author = {J M {C{\'a}mara Zapata} and M Nieves and A {Cerd{\'a}}},
  title = {Improvement in growth and salt resistance of lemon (\textit{Citrus limon}) trees by an interstock-induced mechanism},
  journal = {Tree Physiol.},
  year = {2003},
  volume = {23},
  number = {13},
  pages = {879--888},
  doi = {10.1093/treephys/23.13.879},
  url = {http://www.ncbi.nlm.nih.gov/pubmed/14532011},
  institution = {Tree Physiology},
}

@Article{CastroDiez:1998gz,
  author = {P Castro-D{\'\i}ez and J P Puyravaud and J H C Cornelissen and P Villar-Salvador},
  title = {Stem anatomy and relative growth rate in seedlings of a wide range of woody plant species and types},
  journal = {Oecologia},
  year = {1998},
  volume = {116},
  number = {1-2},
  pages = {57--66},
  publisher = {Springer-Verlag},
  doi = {10.1007/s004420050563},
  institution = {Oecologia},
}

@Article{CastroDiez:2003jd,
  author = {Pilar Castro-D{\'\i}ez and Gabriel Montserrat-Mart \'\i and J H C Cornelissen},
  title = {Trade-Offs between phenology, relative growth rate, life form and seed mass among 22 {Mediterranean} woody species},
  journal = {Plant Ecol.},
  year = {2003},
  volume = {166},
  number = {1},
  pages = {117--129},
  publisher = {Springer},
  doi = {10.2307/20146402?ref=no-x-route:d60a87ec7a61b825eaa9d11c8bba2e67},
  institution = {Plant Ecology},
}


@Article{Cernusak:2008ds,
  author = {Lucas A Cernusak and Klaus Winter and Jorge Aranda and Benjamin L Turner},
  title = {Conifers, angiosperm trees, and lianas: growth, whole-plant water and nitrogen use efficiency, and stable isotope composition (delta 13{C} and delta 18{O}) of seedlings grown in a tropical environment},
  journal = {Plant Physiol.},
  year = {2008},
  volume = {148},
  number = {1},
  pages = {642--659},
  doi = {10.1104/pp.108.123521},
  url = {http://www.pubmedcentral.nih.gov/articlerender.fcgi?artid=2528101&tool=pmcentrez&rendertype=abstract},
  institution = {Plant Physiology},
}

@Article{Chao:2008hg,
  author = {K J Chao and O L Phillips and E Gloor and A Monteagudo},
  title = {Growth and wood density predict tree mortality in {Amazon} forests},
  journal = {J. Ecol.},
  year = {2008},
  doi = {10.1111/j.1365-2745.2007.01343.x},
  volume = {96},
  pages = {281--292},
  institution = {Journal of Ecology},
}

@Article{Chaturvedi:2011jx,
  author = {R K Chaturvedi and A S Raghubanshi and J S Singh},
  title = {Leaf attributes and tree growth in a tropical dry forest},
  journal = {J. Veg. Sci.},
  year = {2011},
  volume = {22},
  number = {5},
  pages = {917--931},
  publisher = {Blackwell Publishing Ltd},
  doi = {10.1111/j.1654-1103.2011.01299.x},
  url = {http://doi.wiley.com/10.1111/j.1654-1103.2011.01299.x},
  institution = {Journal of Vegetation Science},
}

@Article{Chaturvedi:2014ie,
  author = {R K Chaturvedi and A S Raghubanshi and J S Singh},
  title = {Relative effects of different leaf attributes on sapling growth in tropical dry forest},
  journal = {Journal of Plant Ecology},
  year = {2014},
  volume = {7},
  number = {6},
  pages = {544--558},
  doi = {10.1093/jpe/rtt053},
}

@Article{Chave:2009iy,
  author = {J{\'e}r{\^o}me Chave and David Coomes and Steven Jansen and Simon L Lewis and Nathan G Swenson and Amy E Zanne},
  title = {Towards a worldwide wood economics spectrum},
  journal = {Ecol. Lett.},
  year = {2009},
  volume = {12},
  number = {4},
  pages = {351--366},
  doi = {10.1111/j.1461-0248.2009.01285.x},
  url = {http://www.ncbi.nlm.nih.gov/pubmed/19243406},
  institution = {Ecology Letters},
}

@Article{Cochard:2007bn,
  author = {H Cochard and E Casella and M Mencuccini},
  title = {Xylem vulnerability to cavitation varies among poplar and willow clones and correlates with yield},
  journal = {Tree Physiol.},
  year = {2007},
  volume = {27},
  number = {12},
  pages = {1761--1767},
  doi = {10.1093/treephys/27.12.1761},
  url = {http://treephys.oxfordjournals.org/content/27/12/1761.short},
  institution = {Tree Physiology},
}

@Article{Coley:1983hk,
  author = {Phyllis D Coley},
  title = {Herbivory and Defensive Characteristics of Tree Species in a Lowland Tropical Forest},
  journal = {Ecol. Monogr.},
  year = {1983},
  volume = {53},
  number = {2},
  pages = {209},
  doi = {10.2307/1942495},
  url = {http://www.jstor.org/stable/1942495?origin=crossref},
  institution = {Ecological Monographs},
}

@Article{Comas:2002wt,
  author = {L Comas and T Bouma and D Eissenstat},
  title = {Linking root traits to potential growth rate in six temperate tree species},
  journal = {Oecologia},
  year = {2002},
  volume = {132},
  number = {1},
  pages = {34--43},
  doi = {10.1007/s00442-002-0922-8},
  institution = {Oecologia},
}

@Article{Comas:2004jza,
  author = {L H Comas and D M Eissenstat},
  title = {Linking fine root traits to maximum potential growth rate among 11 mature temperate tree species},
  journal = {Funct. Ecol.},
  year = {2004},
  volume = {18},
  number = {3},
  pages = {388--397},
  publisher = {Blackwell Science Ltd},
  doi = {10.1111/j.0269-8463.2004.00835.x},
  url = {http://doi.wiley.com/10.1111/j.0269-8463.2004.00835.x},
  institution = {Functional Ecology},
}

@Article{coomes_comparison_1998,
  author = {D A Coomes and P J Grubb},
  title = {A comparison of 12 tree species of Amazonian caatinga using growth rates in gaps and understorey, and allometric relationships},
  journal = {Funct. Ecol.},
  year = {1998},
  volume = {12},
  number = {3},
  pages = {426--435},
  doi = {10.1046/j.1365-2435.1998.00211.x},
  url = {http://doi.wiley.com/10.1046/j.1365-2435.1998.00211.x},
  institution = {Functional Ecology},
}

@Article{coomes_greater_2009,
  author = {David A Coomes and Georges Kunstler and Charles D Canham and Elaine Wright},
  title = {A greater range of shade-tolerance niches in nutrient-rich forests: an explanation for positive richness-productivity relationships?},
  journal = {J. Ecol.},
  year = {2009},
  volume = {97},
  number = {4},
  pages = {705--717},
  doi = {10.1111/j.1365-2745.2009.01507.x},
  url = {http://dx.doi.org/10.1111/j.1365-2745.2009.01507.x},
  institution = {Journal of Ecology},
}

@Article{Cornelissen:1996hf,
  author = {J H C Cornelissen and P. C. Diez and R Hunt},
  title = {Seedling growth, allocation and leaf attributes in a wide range of woody plant species and types},
  year = {1996},
  journal = {J. Ecol.},
  volume = {84},
  number = {5},
  pages = {755--765},
  institution = {Journal of Ecology},
}

@Article{Cornelissen:1997fd,
  author = {Johannes H C Cornelissen and M J A Werger and P Castro-D{\'\i}ez and J W a van Rheenen and a P Rowland},
  title = {Foliar nutrients in relation to growth, allocation and leaf traits in seedlings of a wide range of woody plant species and types},
  journal = {Oecologia},
  year = {1997},
  volume = {111},
  number = {4},
  pages = {460},
  doi = {10.1007/s004420050259},
  url = {http://link.springer.com/10.1007/s004420050259},
  institution = {Oecologia},
}

@InCollection{Cornelissen:1998ta,
  author = {JHC Cornelissen and P Castro-D{\'\i}ez and A L Carnelli},
  title = {Variation in relative growth rate among woody species},
  booktitle = {Inherent variation in plant growth},
  year = {1998},
  editor = {Hans Lambers and Hendrik Poorter and Margret M I Van Vuuren},
  pages = {363--392},
  publisher = {Backhuys Publishers},
  address = {Leiden, The Netherlands},
  url = {http://scholar.google.com/scholar?q=related:C9JevbiP2CwJ:scholar.google.com/&hl=en&num=20&as_sdt=0,5},
}

@Article{Dalling:2004gs,
  author = {J W Dalling and K Winter and S P Hubbell},
  title = {Variation in growth responses of neotropical pioneers to simulated forest gaps},
  journal = {Funct. Ecol.},
  year = {2004},
  volume = {18},
  number = {5},
  pages = {725--736},
  publisher = {Blackwell Science Ltd},
  doi = {10.1111/j.0269-8463.2004.00868.x},
  institution = {Functional Ecology},
}

@Article{DeBell:1994ix,
  author = {J D DeBell and J C Tappeiner II},
  title = {Wood density of western hemlock: effect of ring width},
  journal = {Scand. J. Forest Res.},
  year = {1994},
  volume = {24},
  number = {3},
  pages = {638--641},
  doi = {10.1139/x94-083},
  institution = {Scandinavian Journal of Forest Research},
}

@Article{Easdale:2009gv,
  author = {Tom{\'a}s A Easdale and John R Healey},
  title = {Resource-use-related traits correlate with population turnover rates, but not stem diameter growth rates, in 29 subtropical montane tree species},
  journal = {Perspect. Plant Ecol.},
  year = {2009},
  volume = {11},
  number = {3},
  pages = {203--218},
  publisher = {Elsevier},
  doi = {10.1016/j.ppees.2009.03.001},
  url = {http://dx.doi.org/10.1016/j.ppees.2009.03.001},
  institution = {Perspectives in Plant Ecology Evolution and Systematics},
}

@Article{fan_hydraulic_2012,
  author = {Z X Fan and S B Zhang and G Y Hao and J W Ferry Slik and K F Cao},
  title = {Hydraulic conductivity traits predict growth rates and adult stature of 40 {Asian} tropical tree species better than wood density},
  journal = {J. Ecol.},
  year = {2012},
  volume = {100},
  number = {3},
  pages = {732--741},
  publisher = {Blackwell Publishing Ltd},
  url = {http://onlinelibrary.wiley.com/doi/10.1111/j.1365-2745.2011.01939.x/full},
  institution = {Journal of Ecology},
}

@Article{Fayolle:2012bx,
  author = {Adeline Fayolle and Bettina M J Engelbrecht and Vincent Freycon and Fr{\'e}d{\'e}ric Mortier and Michael Swaine and Maxime R{\'e}jou-M{\'e}chain and Jean-Louis Doucet and Nicolas Fauvet and Guillaume Cornu and Sylvie Gourlet-Fleury},
  title = {Geological substrates shape tree species and trait distributions in {African} moist forests},
  journal = {PloS one},
  year = {2012},
  volume = {7},
  number = {8},
  pages = {e42381},
  doi = {10.1371/journal.pone.0042381},
  url = {http://www.pubmedcentral.nih.gov/articlerender.fcgi?artid=3419707&tool=pmcentrez&rendertype=abstract},
}

@Article{Fujimoto:2006fg,
  author = {Takaaki Fujimoto and Kazuhito Kita and Kazuko Uchiyama and Makoto Kuromaru and Hisashi Akutsu and Kazuyuki Oda},
  title = {Age trends in the genetic parameters of wood density and the relationship with growth rates in hybrid larch (\textit{Larix gmelinii} var. \textit{japonica} x \textit{L. kaempferi}) F1},
  journal = {J. Forest Res-Jpn.},
  year = {2006},
  volume = {11},
  number = {3},
  pages = {157--163},
  doi = {10.1007/s10310-005-0200-9},
  url = {http://link.springer.com/10.1007/s10310-005-0200-9},
  institution = {Journal of Forest Research},
}

@Article{Galmes:2005fa,
  author = {Jeroni Galm{\'e}s and Josep Cifre and Hip{\'o}lito Medrano and Jaume Flexas},
  title = {Modulation of relative growth rate and its components by water stress in {Mediterranean} species with different growth forms},
  journal = {Oecologia},
  year = {2005},
  volume = {145},
  number = {1},
  pages = {21--31},
  publisher = {Springer-Verlag},
  doi = {10.1007/s00442-005-0106-4},
  url = {http://link.springer.com/10.1007/s00442-005-0106-4},
  institution = {Oecologia},
}

@Article{Gleason:2016,
  author = {SM Gleason and AEA Stephens and WC Tozer and CJ Blackman and DW Butler and Y Chang and AM Cook and J Cooke and CA Laws and JA Rosell and SA Stuart and M Westoby},
  title = {Shoot growth of woody trees and shrubs is predicted by maximum plant height and associated traits},
  journal = {in review},
  year = {2016},
  volume = {},
  number = {},
  pages = {-},
  institution = {},
}

@Article{gleeson_plant_1994,
  author = {S K Gleeson and D Tilman},
  title = {Plant allocation, growth rate and successional status},
  journal = {Funct. Ecol.},
  year = {1994},
  volume = {8},
  number = {4},
  pages = {543--550},
  doi = {10.2307/2390080},
  institution = {Functional Ecology},
}

@Article{grotkopp_toward_2002,
  author = {Eva Grotkopp and Marcel Rejm{\'a}nek and Thomas L Rost},
  title = {Toward a causal explanation of plant invasiveness: seedling growth and life-history strategies of 29 pine ({Pinus}) species},
  journal = {Am. Nat.},
  year = {2002},
  volume = {159},
  number = {4},
  pages = {396--419},
  doi = {10.1086/338995},
  url = {http://www.jstor.org/stable/10.1086/338995},
  institution = {American Naturalist},
}

@Article{Grubb:1996kr,
  author = {Peter J Grubb and William G Lee and Johannes Kollmann and J Bastow Wilson},
  title = {Interaction of irradiance and soil nutrient supply on growth of seedlings of ten {European} tall-shrub species and \textit{Fagus Sylvatica}},
  year = {1996},
  journal = {J. Ecol.},
  volume = {84},
  number = {6},
  pages = {827--840},
  doi = {10.2307/2960555},
  url = {http://www.jstor.org/stable/2960555?origin=crossref},
  institution = {Journal of Ecology},
}


@Article{Herault:2011dd,
  author = {Bruno H{\'e}rault and B{\'e}n{\'e}dicte Bachelot and Lourens Poorter and Vivien Rossi and Frans Bongers and J{\'e}r{\^o}me Chave and C E Timothy Paine and Fabien Wagner and Christopher Baraloto},
  title = {Functional traits shape ontogenetic growth trajectories of rain forest tree species},
  journal = {J. Ecol.},
  year = {2011},
  volume = {99},
  number = {6},
  pages = {1431--1440},
  publisher = {Blackwell Publishing Ltd},
  doi = {10.1111/j.1365-2745.2011.01883.x},
  url = {http://onlinelibrary.wiley.com/doi/10.1111/j.1365-2745.2011.01883.x/abstract},
  institution = {Journal of Ecology},
}

@Article{Hoffmann:2003ga,
  author = {William A Hoffmann and Augusto C Franco},
  title = {Comparative growth analysis of tropical forest and savanna woody plants using phylogenetically independent contrasts},
  journal = {J Ecol.},
  year = {2003},
  volume = {91},
  number = {3},
  pages = {475--484},
  publisher = {Blackwell Science Ltd},
  doi = {10.1046/j.1365-2745.2003.00777.x},
  url = {http://onlinelibrary.wiley.com/doi/10.1046/j.1365-2745.2003.00777.x/full},
  institution = {Journal of Ecology},
}

@Article{Huante:1995fd,
  author = {P Huante and E Rincon and F S Chapin III},
  title = {Responses to phosphorus of contrasting successional tree-seedling species from the tropical deciduous forest of {Mexico}},
  year = {1995},
  volume = {9},
  number = {5},
  pages = {760--766},
  doi = {10.2307/2390249},
  journal = {Funct. Ecol.},
  url = {http://www.jstor.org/stable/2390249?origin=crossref},
  institution = {Functional Ecology},
}

@Article{Huante:1995tl,
  author = {P Huante and E Rincon and I Acosta},
  title = {Nutrient availability and growth rate of 34 woody species from a tropical deciduous forest in {Mexico}},
  journal = {Funct. Ecol.},
  year = {1995},
  volume = {9},
  pages = {849--858},
  institution = {Functional Ecology},
}

@Article{Huante:1998bk,
  author = {Pilar Huante and Emmanuel Rincon},
  title = {Responses to light changes in tropical deciduous woody seedlings with contrasting growth rates},
  journal = {Oecologia},
  year = {1997},
  volume = {113},
  number = {1},
  pages = {53--66},
  doi = {10.1007/s004420050353},
  url = {http://link.springer.com/10.1007/s004420050353},
  institution = {Oecologia},
}

@Article{HUNT:1997ge,
  author = {Roderick Hunt and J H C Cornelissen},
  title = {Components of relative growth rate and their interrelations in 59 temperate plant species},
  journal = {New Phytol.},
  year = {1997},
  volume = {135},
  number = {3},
  pages = {395--417},
  publisher = {Blackwell Publishing Ltd},
  doi = {10.1046/j.1469-8137.1997.00671.x},
  institution = {New Phytologist},
}

@Article{Iida:2014ep,
  author = {Yoshiko Iida and Takashi S Kohyama and Nathan G Swenson and Sheng-Hsin Su and Chien-Teh Chen and Jyh-Min Chiang and I-Fang Sun},
  title = {Linking functional traits and demographic rates in a subtropical tree community: the importance of size dependency},
  journal = {J. Ecol.},
  year = {2014},
  volume = {102},
  number = {3},
  pages = {641--650},
  doi = {10.1111/1365-2745.12221},
  url = {http://doi.wiley.com/10.1111/1365-2745.12221},
  institution = {Journal of Ecology},
}

@Article{Iida:2014hq,
  author = {Yoshiko Iida and Lourens Poorter and Frank Sterck and Abd Rahman Kassim and Matthew D Potts and Takuya Kubo and Takashi S Kohyama},
  title = {Linking size-dependent growth and mortality with architectural traits across 145 co-occurring tropical tree species},
  journal = {Ecology},
  year = {2014},
  volume = {95},
  number = {2},
  pages = {353--363},
  publisher = {Ecological Society of America},
  doi = {10.1890/11-2173.1},
  url = {http://www.esajournals.org/doi/abs/10.1890/11-2173.1},
  institution = {Ecology},
}

@Article{king_influence_1994,
  author = {David A King},
  title = {Influence of light level on the growth and morphology of saplings in a {Panamanian} forest},
  journal = {Am. J. Bot.},
  year = {1994},
  volume = {81},
  number = {8},
  pages = {948},
  doi = {10.2307/2445287},
  institution = {American Journal of Botany},
}

@Article{king_tree_2005,
  author = {D A King and S J Davies and M N {Nur Supardi} and S Tan},
  title = {Tree growth is related to light interception and wood density in two mixed Dipterocarp forests of {Malaysia}},
  journal = {Funct. Ecol.},
  year = {2005},
  volume = {19},
  number = {3},
  pages = {445--453},
  publisher = {Blackwell Science Ltd},
  doi = {10.1111/j.1365-2435.2005.00982.x},
  url = {http://www.blackwell-synergy.com/doi/full/10.1111/j.1365-2435.2005.00982.x},
  institution = {Functional Ecology},
}

@Article{King:2006dg,
  author = {David A King and Stuart J Davies and Nur Supardi {MD} Noor},
  title = {Growth and mortality are related to adult tree size in a {Malaysian} mixed Dipterocarp forest},
  journal = {Forest Ecol. Manag.},
  year = {2006},
  volume = {223},
  number = {1-3},
  pages = {152--158},
  doi = {10.1016/j.foreco.2005.10.066},
  url = {http://www.sciencedirect.com/science/article/pii/S0378112705006924},
  institution = {Forest Ecology and Management},
}

@Article{King:2006he,
  author = {David A King and Stuart J Davies and Sylvester Tan and Nur Supardi Md Noor},
  title = {The role of wood density and stem support costs in the growth and mortality of tropical trees},
  journal = {J. Ecol.},
  year = {2006},
  volume = {94},
  number = {3},
  pages = {670--680},
  publisher = {Blackwell Publishing Ltd},
  doi = {10.1111/j.1365-2745.2006.01112.x},
  institution = {Journal of Ecology},
}

@Article{Kitajima:1994ez,
  author = {Kaoru Kitajima},
  title = {Relative importance of photosynthetic traits and allocation patterns as correlates of seedling shade tolerance of 13 tropical trees},
  journal = {Oecologia},
  year = {1994},
  volume = {98},
  number = {3-4},
  pages = {419--428},
  publisher = {Springer-Verlag},
  doi = {10.1007/BF00324232},
  institution = {Oecologia},
}

@Article{Kohyama:2003dk,
  author = {Takashi Kohyama and EizI Suzuki and Tukirin Partomihardjo and Toshihiko Yamada and Takuya Kubo},
  title = {Tree species differentiation in growth, recruitment and allometry in relation to maximum height in a {Bornean} mixed dipterocarp forest},
  journal = {J. Ecol.},
  year = {2003},
  volume = {91},
  number = {5},
  pages = {797--806},
  doi = {10.1046/j.1365-2745.2003.00810.x},
  url = {http://doi.wiley.com/10.1046/j.1365-2745.2003.00810.x},
  institution = {Journal of Ecology},
}

@Article{Kruger:2006fq,
  author = {Eric L Kruger and John C Volin},
  title = {Reexamining the empirical relation between plant growth and leaf photosynthesis},
  journal = {Funct. Plant Biol.},
  year = {2006},
  volume = {33},
  number = {5},
  pages = {421--429},
  publisher = {CSIRO PUBLISHING},
  doi = {10.1071/FP05310},
  url = {http://www.publish.csiro.au/?paper=FP05310},
  institution = {Functional Plant Biology},
}

@Article{Lamers:2006dl,
  author = {John P A Lamers and Asia Khamzina and Martin Worbes},
  title = {The analyses of physiological and morphological attributes of 10 tree species for early determination of their suitability to afforest degraded landscapes in the {Aral Sea Basin of Uzbekistan}},
  journal = {Forest Ecol. Manag.},
  year = {2006},
  volume = {221},
  number = {1-3},
  pages = {249--259},
  doi = {10.1016/j.foreco.2005.10.022},
  url = {http://linkinghub.elsevier.com/retrieve/pii/S037811270500589X},
  institution = {Forest Ecology and Management},
}

@Article{LopezIglesias:2014dk,
  author = {B{\'a}rbara Lopez-Iglesias and Rafael Villar and Lourens Poorter},
  title = {Functional traits predict drought performance and distribution of Mediterranean woody species},
  journal = {Acta Oecol.},
  year = {2014},
  volume = {56},
  pages = {10--18},
  doi = {10.1016/j.actao.2014.01.003},
  url = {http://www.sciencedirect.com/science/article/pii/S1146609X14000046},
  institution = {Acta Oecologica},
}

@Article{Loveys:2002hj,
  author = {B R Loveys and I Scheurwater and T L Pons},
  title = {Growth temperature influences the underlying components of relative growth rate: an investigation using inherently fast-and slow-growing plant species},
  journal = {Plant Cell Environ.},
  number = {25},
  pages = {975--988},
  year = {2002},
  doi = {10.1046/j.1365-3040.2002.00879.x},
  institution = {Plant Cell and Environment},
}

@Article{Lusk:1997ga,
  author = {C H Lusk and Olga Contreras and Javier Figueroa},
  title = {Growth, biomass allocation and plant nitrogen concentration in Chilean temperate rainforest tree seedlings: effects of nutrient availability},
  journal = {Oecologia},
  year = {1997},
  volume = {109},
  number = {1},
  pages = {49--58},
  doi = {10.1007/s004420050057},
  url = {http://link.springer.com/10.1007/s004420050057},
  institution = {Oecologia},
}

@Article{Lusk:2002fma,
  author = {Christopher H Lusk and Alejandro Del Pozo},
  title = {Survival and growth of seedlings of 12 {Chilean} rainforest trees in two light environments: {gas} exchange and biomass distribution correlates},
  journal = {Aust. J. Ecol.},
  year = {2002},
  volume = {27},
  number = {2},
  pages = {173--182},
  publisher = {Blackwell Publishing Ltd},
  doi = {10.1046/j.1442-9993.2002.01168.x},
  institution = {Australian Journal of Ecology},
}

@Article{Lusk:2013bq,
  author = {Christopher H Lusk and Jeff W G Kelly and Sean M Gleason},
  title = {Light requirements of {Australian} tropical vs. cool-temperate rainforest tree species show different relationships with seedling growth and functional traits},
  journal = {Ann. Bot.},
  year = {2013},
  volume = {111},
  number = {3},
  pages = {479--488},
  doi = {10.1093/aob/mcs289},
  url = {http://aob.oxfordjournals.org/content/111/3/479.short},
  institution = {Annals of Botany},
}

@Article{Lusk:2013hz,
  author = {Christopher H Lusk and Teruko Kaneko and Ella Grierson and Michael Clearwater},
  title = {Correlates of tree species sorting along a temperature gradient in {New Zealand} rain forests: seedling functional traits, growth and shade tolerance},
  journal = {J. Ecol.},
  year = {2013},
  volume = {101},
  number = {6},
  pages = {1531--1541},
  doi = {10.1111/1365-2745.12152},
  url = {http://doi.wiley.com/10.1111/1365-2745.12152},
  institution = {Journal of Ecology},
}

@Article{MartinezVilalta:2010iq,
  author = {Jordi Mart{\'\i}nez-Vilalta and Maurizio Mencuccini and Jordi Vayreda and Javier Retana},
  title = {Interspecific variation in functional traits, not climatic differences among species ranges, determines demographic rates across 44 temperate and {Mediterranean} tree species},
  journal = {J. Ecol.},
  year = {2010},
  volume = {98},
  number = {6},
  pages = {1462--1475},
  publisher = {Blackwell Publishing Ltd},
  doi = {10.1111/j.1365-2745.2010.01718.x},
  url = {http://doi.wiley.com/10.1111/j.1365-2745.2010.01718.x},
  institution = {Journal of Ecology},
}

@Article{McCormack:2012ch,
  author = {Luke M McCormack and Thomas S Adams and Erica A H Smithwick and David M Eissenstat},
  title = {Predicting fine root lifespan from plant functional traits in temperate trees},
  journal = {New Phytol.},
  year = {2012},
  volume = {195},
  number = {4},
  pages = {823--831},
  doi = {10.1111/j.1469-8137.2012.04198.x},
  url = {http://www.ncbi.nlm.nih.gov/pubmed/22686426},
  institution = {New Phytologist},
}

@Article{Moya:2008ep,
  author = {R Moya and M Tomazello},
  title = {Wood density and fiber dimensions of \textit{Gmelina arborea} in fast growth trees in {Costa Rica}: relation to the growth rate},
  journal = {Forest Systems},
  year = {2008},
  volume = {16},
  number = {3},
  pages = {267--276},
  doi = {10.5424/1015},
  url = {http://revistas.inia.es/index.php/fs/article/view/1015},
}

@Article{Muller-landau_interspecific_2004,
  author = {Helene C Muller-Landau},
  title = {Interspecific and Inter-site Variation in Wood Specific Gravity of Tropical Trees},
  journal = {Biotropica},
  year = {2004},
  volume = {36},
  number = {1},
  pages = {20--32},
  doi = {10.1111/j.1744-7429.2004.tb00292.x},
}

@Article{Nascimento:2005kl,
  author = {Henrique E M Nascimento and William F Laurance and Richard Condit and Susan G Laurance and Sammya D'Angelo and Ana C Andrade},
  title = {Demographic and life-history correlates for {Amazonian} trees},
  journal = {J. Veg. Sci.},
  year = {2005},
  volume = {16},
  number = {6},
  pages = {625--634},
  doi = {10.1111/j.1654-1103.2005.tb02405.x},
  url = {http://doi.wiley.com/10.1111/j.1654-1103.2005.tb02405.x},
  institution = {Journal of Vegetation Science},
}

@Article{Osone:2008dr,
  author = {Yoko Osone and Atsushi Ishida and Masaki Tateno},
  title = {Correlation between relative growth rate and specific leaf area requires associations of specific leaf area with nitrogen absorption rate of roots},
  journal = {New Phytol.},
  year = {2008},
  volume = {179},
  number = {2},
  pages = {417--427},
  doi = {10.1111/j.1469-8137.2008.02476.x},
  url = {http://www.ncbi.nlm.nih.gov/pubmed/19086290},
  institution = {New Phytologist},
}

@Article{Osunkoya:1994ip,
  author = {O O Osunkoya and J E Ash and M S Hopkins and A W Graham},
  title = {Influence of seed size and seedling ecological attributes on shade-tolerance of rain-forest tree species in northern {Queensland}},
  journal = {J. Ecol.},
  year = {1994},
  volume = {82},
  number = {1},
  pages = {149},
  doi = {10.2307/2261394},
  institution = {Journal of Ecology},
}

@Article{Osunkoya:2010ef,
  author = {Olusegun O Osunkoya and Deanna Bayliss and F Dane Panetta and Gabrielle Vivian-Smith},
  title = {Leaf trait co-ordination in relation to construction cost, carbon gain and resource-use efficiency in exotic invasive and native woody vine species},
  journal = {Ann. Bot.},
  year = {2010},
  volume = {106},
  number = {2},
  pages = {371--380},
  doi = {10.1093/aob/mcq119},
  url = {http://www.ncbi.nlm.nih.gov/pubmed/20534595},
  institution = {Annals of Botany},
}

@Article{Paz:2005kx,
  author = {H Paz and S J Mazer and M Martinez-Ramos},
  title = {Comparative ecology of seed mass in {Psychotria (Rubiaceae)}: within- and between-species effects of seed mass on early performance},
  journal = {Funct. Ecol.},
  year = {2005},
  volume = {19},
  number = {4},
  pages = {707--718},
  publisher = {Blackwell Science Ltd},
  doi = {10.1111/j.1365-2435.2005.00984.x},
  url = {http://doi.wiley.com/10.1111/j.1365-2435.2005.00984.x},
  institution = {Functional Ecology},
}

@Article{Poorter:1999fp,
  author = {L Poorter},
  title = {Growth responses of 15 rain-forest tree species to a light gradient: the relative importance of morphological and physiological traits},
  journal = {Funct. Ecol.},
  year = {1999},
  volume = {13},
  number = {3},
  pages = {396--410},
  doi = {10.1046/j.1365-2435.1999.00332.x},
  institution = {Functional Ecology},
}

@Article{Poorter:2001fj,
  author = {Lourens Poorter},
  title = {Light-dependent changes in biomass allocation and their importance for growth of rain forest tree species},
  journal = {Funct. Ecol.},
  year = {2001},
  volume = {15},
  number = {1},
  pages = {113--123},
  doi = {10.1046/j.1365-2435.2001.00503.x},
  url = {http://doi.wiley.com/10.1046/j.1365-2435.2001.00503.x},
  institution = {Functional Ecology},
}

@Article{Poorter:2006vb,
  author = {Lourens Poorter and Frans Bongers},
  title = {Leaf traits are good predictors of plant performance across 53 rain forest species},
  journal = {Ecology},
  year = {2006},
  volume = {87},
  number = {7},
  pages = {1733--1743},
  url = {http://eutils.ncbi.nlm.nih.gov/entrez/eutils/elink.fcgi?dbfrom=pubmed&id=16922323&retmode=ref&cmd=prlinks},
  institution = {Ecology},
}

@Article{Poorter:2008iu,
  author = {L Poorter and S J Wright and H Paz and D D Ackerly and Richard Condit and G Ibarra-Manriques and K E Harms and J C Licona and M Martinez-Ramos and S J Mazer and H C Muller-Landau and M Pena-Claros and C O Webb and I J Wright},
  title = {Are functional traits good predictors of demographic rates? Evidence from five {Neotropical} forests},
  journal = {Ecology},
  year = {2008},
  volume = {89},
  number = {7},
  pages = {1908--1920},
  doi = {10.1890/07-0207.1},
  url = {http://www.esajournals.org/doi/abs/10.1890/07-0207.1?rft.atitle=Are+functional+traits+good+predictors+of+demographic+rates?+Evidence+from+five+Neotropical+forests&rft.volume=89&rft.title=Ecology+(Durham)&rft.issue=7&url_ver=Z39.88-2004&rft.issn=0012-9658&rft.genre=article&rft.stitle=ecol&rft.spage=1908},
  institution = {Ecology},
}

@Article{Poorter:2010co,
  author = {Lourens Poorter and Imole McDonald and Alfredo Alarc{\'o}n and Esther Fichtler and Juan-Carlos Licona and Marielos Pe{\ n}a-Claros and Frank Sterck and Zulma Villegas and Ute Sass-Klaassen},
  title = {The importance of wood traits and hydraulic conductance for the performance and life history strategies of 42 rainforest tree species},
  journal = {New Phytol.},
  year = {2010},
  volume = {185},
  pages = {481--492},
  doi = {10.1111/j.1469-8137.2009.03092.x},
  url = {http://dx.doi.org/10.1111/j.1469-8137.2009.03092.x},
  institution = {New Phytologist},
}

@Article{Popma:1988tv,
  author = {J Popma and F Bongers},
  title = {The effect of canopy gaps on growth and morphology of seedlings of rain forest species},
  journal = {Oecologia},
  year = {1988},
  volume = {75},
  number = {4},
  pages = {625--632},
  publisher = {Springer-Verlag},
  doi = {10.1007/BF00776429},
  institution = {Oecologia},
}

@Article{Prior:2004cv,
  author = {L D Prior and D Eamus and D M J S Bowman},
  title = {Tree growth rates in north {Australian} savanna habitats: seasonal patterns and correlations with leaf attributes},
  journal = {Aust. J. Bot.},
  year = {2004},
  volume = {52},
  number = {3},
  pages = {303},
  publisher = {CSIRO PUBLISHING},
  doi = {10.1071/BT03119},
  url = {http://www.publish.csiro.au/view/journals/dsp_journal_fulltext.cfm?nid=65&f=BT03119},
  institution = {Australian Journal of Botany},
}

@Article{Quero:2008jg,
  author = {Jos{\'e} L Quero and Rafael Villar and Teodoro Mara{\~n}{\'o}n and Regino Zamora and Dolores Vega and Lawren Sack},
  title = {Relating leaf photosynthetic rate to whole-plant growth: drought and shade effects on seedlings of four {Quercus} species},
  journal = {Funct. Plant Biol.},
  year = {2008},
  volume = {35},
  number = {8},
  pages = {725--16},
  publisher = {CSIRO PUBLISHING},
  doi = {10.1071/FP08149},
  url = {http://www.publish.csiro.au/?paper = FP08149},
  institution = {Functional Plant Biology},
}

@Article{Read:2011du,
  author = {J Read and R Evans and G D Sanson and S Kerr and T Jaffre},
  title = {Wood properties and trunk allometry of co-occurring rainforest canopy trees in a cyclone-prone environment},
  journal = {Am. J. Bot.},
  year = {2011},
  volume = {98},
  number = {11},
  pages = {1762--1772},
  doi = {10.3732/ajb.1100080},
  url = {http://www.ncbi.nlm.nih.gov/pubmed/21984616},
  institution = {American Journal of Botany},
}

@Article{Reich:1998ir,
  author = {P B Reich and M B Walters and M G Tjoelker and D Vanderklein and C Buschena},
  title = {Photosynthesis and respiration rates depend on leaf and root morphology and nitrogen concentration in nine boreal tree species differing in relative growth rate},
  journal = {Funct. Ecol.},
  year = {1998},
  volume = {12},
  number = {3},
  pages = {395--405},
  doi = {10.1046/j.1365-2435.1998.00209.x},
  url = {http://doi.wiley.com/10.1046/j.1365-2435.1998.00209.x},
  institution = {Functional Ecology},
}

@Article{Reich:1998ja,
  author = {P B Reich and M G Tjoelker and M B Walters},
  title = {Close association of {RGR}, leaf and root morphology, seed mass and shade tolerance in seedlings of nine boreal tree species grown in high and low light},
  journal = {Funct. Ecol.},
  year = {1998},
  doi = {10.1046/j.1365-2435.1998.00208.x},
  institution = {Functional Ecology},
}

@Article{Rossatto:2009gq,
  author = {D R Rossatto and Davi Rodrigo Rossatto and W A Hoffmann and William Arthur Hoffmann and A C Franco and Augusto C{\'e}sar Franco},
  title = {Differences in growth patterns between co-occurring forest and savanna trees affect the forest--savanna boundary},
  journal = {Funct. Ecol.},
  year = {2009},
  volume = {23},
  number = {4},
  pages = {689--698},
  publisher = {Blackwell Publishing Ltd},
  doi = {10.1111/j.1365-2435.2009.01568.x},
  institution = {Functional Ecology},
}

@Article{RuizRobleto:2005hc,
  author = {J Ruiz-Robleto and R Villar},
  title = {Relative growth rate and biomass allocation in ten woody species with different leaf longevity using phylogenetic independent contrasts {(PICs)}},
  journal = {Plant Biol.},
  year = {2005},
  volume = {7},
  number = {5},
  pages = {484--494},
  doi = {10.1055/s-2005-865905},
  url = {http://www.ncbi.nlm.nih.gov/pubmed/16163613},
  institution = {Plant Biology},
}

@Article{Sack:2004hm,
  author = {Lawren Sack},
  title = {Responses of temperate woody seedlings to shade and drought: do trade-offs limit potential niche differentiation?},
  journal = {Oikos},
  year = {2004},
  volume = {107},
  number = {1},
  pages = {110--127},
  publisher = {Munksgaard International Publishers},
  doi = {10.1111/j.0030-1299.2004.13184.x},
  institution = {Oikos},
}

@Article{saldana-acosta_seedling_2009,
  author = {Angela Salda{\"n}a-Acosta and Jorge A Meave and L{\'a}zaro R S{\'a}nchez-Vel{\'a}squez},
  title = {Seedling biomass allocation and vital rates of cloud forest tree species: responses to light in shade house conditions},
  journal = {Forest Ecol. Manag.},
  year = {2009},
  volume = {258},
  number = {7},
  pages = {1650--1659},
  doi = {10.1016/j.foreco.2009.07.027},
  url = {http://www.sciencedirect.com/science/article/pii/S0378112709004988},
  institution = {Forest Ecology and Management},
}

@Article{SalgadoLuarte:2012ci,
  author = {Cristian Salgado-Luarte and Ernesto Gianoli},
  title = {Herbivores modify selection on plant functional traits in a temperate rainforest understory},
  journal = {Am. Nat.},
  year = {2012},
  volume = {180},
  number = {2},
  pages = {E42--53},
  doi = {10.1086/666612},
  url = {http://www.ncbi.nlm.nih.gov/pubmed/22766937},
  institution = {American Naturalist},
}

@Article{Saverimuttu:1996ih,
  author = {Tharman Saverimuttu and Mark Westoby},
  title = {Components of variation in seedling potential relative growth rate: phylogenetically independent contrasts},
  journal = {Oecologia},
  year = {1996},
  volume = {105},
  number = {3},
  pages = {281--285},
  doi = {10.1007/BF00328729},
  url = {http://link.springer.com/10.1007/BF00328729},
  institution = {Oecologia},
}

@Article{Schulze:2006ww,
  author = {E D Schulze and N C Turner and D Nicolle and J Schumacher},
  title = {Leaf and wood carbon isotope ratios, specific leaf areas and wood growth of Eucalyptus species across a rainfall gradient in {Australia}},
  journal = {Tree Physiol.},
  year = {2006},
  volume = {26},
  number = {4},
  pages = {479--492},
  doi = {10.1093/treephys/26.4.479},
  url = {http://treephys.oxfordjournals.org/cgi/doi/10.1093/treephys/26.4.479},
  institution = {Tree Physiology},
}

@Article{Shen:2014fw,
  author = {Yong Shen and Louis S Santiago and Hao Shen and Lei Ma and Juyu Lian and Honglin Cao and Huanping Lu and Wanhui Ye},
  title = {Determinants of change in subtropical tree diameter growth with ontogenetic stage},
  journal = {Oecologia},
  year = {2014},
  volume = {175},
  number = {4},
  pages = {1315--1324},
  publisher = {Springer Berlin Heidelberg},
  doi = {10.1007/s00442-014-2981-z},
  url = {http://link.springer.com/10.1007/s00442-014-2981-z},
  institution = {Oecologia},
}

@Article{Shipley:2002fs,
  author = {B Shipley},
  title = {Trade-offs between net assimilation rate and specific leaf area in determining relative growth rate: relationship with daily irradiance},
  journal = {Funct. Ecol.},
  year = {2002},
  volume = {16},
  number = {5},
  pages = {682--689},
  publisher = {Blackwell Science Ltd},
  doi = {10.1046/j.1365-2435.2002.00672.x},
  institution = {Functional Ecology},
}

@Article{Stratton:2001ck,
  author = {L C Stratton and G Goldstein},
  title = {Carbon uptake, growth and resource-use efficiency in one invasive and six native {Hawaiian} dry forest tree species},
  journal = {Tree Physiol.},
  year = {2001},
  volume = {21},
  number = {18},
  pages = {1327--1334},
  doi = {10.1093/treephys/21.18.1327},
  url = {http://treephys.oxfordjournals.org/content/21/18/1327.short},
  institution = {Tree Physiology},
}

@Article{Thomas:1996do,
  author = {Sean C Thomas},
  title = {Asymptotic height as a predictor of growth and allometric characteristics in {Malaysian} rain forest trees},
  journal = {Am. J. Bot.},
  year = {1996},
  volume = {83},
  number = {5},
  pages = {556},
  doi = {10.2307/2445913},
  institution = {American Journal of Botany},
}

@Article{Tjoelker:1999gp,
  author = {MarK G Tjoelker and Jacek Oleksyn and Peter B Reich},
  title = {Acclimation of respiration to temperature and {CO2} in seedlings of boreal tree species in relation to plant size and relative growth rate},
  journal = {Glob. Change Biol.},
  year = {1999},
  volume = {5},
  number = {6},
  pages = {679--691},
  publisher = {Blackwell Science Ltd},
  doi = {10.1046/j.1365-2486.1999.00257.x},
  institution = {Global Change Biology},
}

@Article{Tobner:2013cv,
  author = {Cornelia M Tobner and Alain Paquette and Christian Messier},
  title = {Interspecific coordination and intraspecific plasticity of fine root traits in {North American} temperate tree species},
  journal = {Frontiers in plant science},
  year = {2013},
  volume = {4},
  pages = {1-11},
  doi = {10.3389/fpls.2013.00242},
}

@Article{Tomlinson:2014im,
  author = {K W Tomlinson and L Poorter and F Bongers and F Borghetti and L Jacobs and F van Langevelde},
  title = {Relative growth rate variation of evergreen and deciduous savanna tree species is driven by different traits},
  journal = {Ann. Bot.},
  year = {2014},
  pages = {315--324},
  doi = {10.1093/aob/mcu107},
  url = {http://aob.oxfordjournals.org/cgi/doi/10.1093/aob/mcu107},
  institution = {Annals of Botany},
}

@Article{Veneklaas:2002dt,
  author = {E J Veneklaas and M P R M Santos Silva and F den Ouden},
  title = {Determinants of growth rate in \textit{Ficus benjamina} {L.} compared to related faster-growing woody and herbaceous species},
  journal = {Sci. Hortic-Amsterdam.},
  year = {2002},
  volume = {93},
  number = {1},
  pages = {75--84},
  doi = {10.1016/S0304-4238(01)00315-6},
  url = {http://linkinghub.elsevier.com/retrieve/pii/S0304423801003156},
  institution = {Scientia Horticulturae},
}

@Article{Villagra:2013do,
  author = {Mariana Villagra and Paula I Campanello and Lia Montti and Guillermo Goldstein},
  title = {Removal of nutrient limitations in forest gaps enhances growth rate and resistance to cavitation in subtropical canopy tree species differing in shade tolerance},
  journal = {Tree Physiol.},
  year = {2013},
  volume = {33},
  number = {3},
  pages = {285--296},
  doi = {10.1093/treephys/tpt003},
  url = {http://www.ncbi.nlm.nih.gov/pubmed/23436182},
  institution = {Tree Physiology},
}

@Article{Villar:2006cf,
  author = {Rafael Villar and Jeannette Ruiz Robleto and Yvonne De Jong and Hendrik Poorter},
  title = {Differences in construction costs and chemical composition between deciduous and evergreen woody species are small as compared to differences among families},
  journal = {Plant, Cell and Environment},
  year = {2006},
  volume = {29},
  number = {8},
  pages = {1629--1643},
  doi = {10.1111/j.1365-3040.2006.01540.x},
}

@Article{walters_are_1996,
  author = {Michael B Walters and Peter B Reich},
  title = {Are shade tolerance, survival, and growth linked? {Low} light and nitrogen effects on hardwood seedlings},
  journal = {Ecology},
  year = {1996},
  volume = {77},
  number = {3},
  pages = {841--853},
  publisher = {Ecological Society of America},
  doi = {10.2307/2265505?ref=no-x-route:0bfda06e4a5788407afbdbc6d0adda36},
  url = {http://www.jstor.org/stable/2265505?origin=crossref},
  institution = {Ecology},
}

@Article{Walters:1993eu,
  author = {M B Walters and E L Kruger and P B Reich},
  title = {Growth, biomass distribution and {CO2} exchange of northern hardwood seedlings in high and low light: relationships with successional status and shade tolerance},
  journal = {Oecologia},
  year = {1993},
  volume = {94},
  number = {1},
  pages = {7--16},
  doi = {10.1007/BF00317294},
  url = {http://link.springer.com/10.1007/BF00317294},
  institution = {Oecologia},
}

@Article{Walters:1993hf,
  author = {M B Walters and E L Kruger and P B Reich},
  title = {Relative growth rate in relation to physiological and morphological traits for northern hardwood tree seedlings: species, light environment and ontogenetic},
  journal = {Oecologia},
  year = {1993},
  volume = {96},
  pages = {219--231},
  doi = {10.1007/BF00317735},
  institution = {Oecologia},
}

@Article{Wang:1998cs,
  author = {Jian R Wang and C D B Hawkins and Tony Letchford},
  title = {Relative growth rate and biomass allocation of paper birch (\textit{Betula papyrifera}) populations under different soil moisture and nutrient regimes},
  journal = {Scand J Forest Res},
  year = {1998},
  volume = {28},
  number = {1},
  pages = {44--55},
  doi = {10.1139/cjfr-28-1-44},
  url = {http://www.nrc.ca/cgi-bin/cisti/journals/rp/rp2_abst_e?cjfr_x97-191_28_ns_nf_cjfr28-98},
  insitution = {Scandinavian Journal of Forest Research},
}

@Article{Warren:2005bc,
  author = {Charles R Warren and Mark A Adams},
  title = {What determines interspecific variation in relative growth rate of {Eucalyptus} seedlings?},
  journal = {Oecologia},
  year = {2005},
  volume = {144},
  number = {3},
  pages = {373--381},
  doi = {10.1007/s00442-005-0092-6},
  url = {http://www.ncbi.nlm.nih.gov/pubmed/15891819},
  institution = {Oecologia},
}

@Article{Westbrook:2011ja,
  author = {Jared W Westbrook and Kaoru Kitajima and J Gordon Burleigh and W John Kress and David L Erickson and S Joseph Wright},
  title = {What makes a leaf tough? {Patterns} of correlated evolution between leaf toughness traits and demographic rates among 197 shade-tolerant woody species in a neotropical forest},
  journal = {Am. Nat.},
  year = {2011},
  volume = {177},
  number = {6},
  pages = {800--811},
  publisher = {University of Chicago PressChicago, IL},
  doi = {10.1086/659963},
  url = {http://www.jstor.org/stable/10.1086/659963},
  institution = {American Naturalist},
}

@Article{Wright:1999ds,
  author = {Ian J Wright and Mark Westoby},
  title = {Differences in seedling growth behaviour among species: trait correlations across species, and trait shifts along nutrient compared to rainfall gradients},
  journal = {J. Ecol.},
  year = {1999},
  volume = {87},
  number = {1},
  pages = {85--97},
  publisher = {Blackwell Science Ltd},
  doi = {10.1046/j.1365-2745.1999.00330.x},
  institution = {Journal of Ecology},
}

@Article{Wright:2000kw,
  author = {I J Wright and M Westoby},
  title = {Cross-species relationships between seedling relative growth rate, nitrogen productivity and root vs leaf function in 28 {Australian} woody species},
  journal = {Funct. Ecol.},
  year = {2000},
  volume = {14},
  number = {1},
  pages = {97--107},
  publisher = {Blackwell Science Ltd},
  doi = {10.1046/j.1365-2435.2000.00393.x},
  institution = {Functional Ecology},
}

@Article{Wright:2001gb,
  author = {I J Wright and Mark Westoby},
  title = {Understanding seedling growth relationships through specific leaf area and leaf nitrogen concentration: {generalisations} across growth forms and growth irradiance},
  journal = {Oecologia},
  year = {2001},
  volume = {127},
  number = {1},
  pages = {21--29},
  doi = {10.1007/s004420000554},
  url = {http://www.jstor.org/stable/4222895},
  institution = {Oecologia},
}

@Article{Wright:2003kb,
  author = {S Joseph Wright and Helene C Muller-Landau and Richad Condit and Stephen P Hubbell},
  title = {Gap-dependent recruitment, realized vital rates, and size distributions of tropical trees},
  journal = {Ecology},
  year = {2003},
  volume = {84},
  number = {12},
  pages = {3174--3185},
  publisher = {Ecological Society of America},
  doi = {10.2307/3450062?ref=no-x-route:f193581731c3a8005bfc91cf89520b7a},
  institution = {Ecology},
}

@Article{Wright:2010tp,
  author = {S Joseph Wright and Kaoru Kitajima and Nathan J B Kraft and Peter B Reich and Ian J Wright and Daniel E Bunker and Richard Condit and James W Dalling and Stuart J Davies and Sandra D{\'\i}az and Bettina M J Engelbrecht and Kyle E Harms and Stephen P Hubbell and Christian O Marks and Maria C Ruiz-Jaen and Cristina M Salvador and Amy E Zanne},
  title = {Functional traits and the growth--mortality trade-off in tropical trees},
  journal = {Ecology},
  year = {2010},
  volume = {91},
  number = {12},
  pages = {3664--3674},
  doi = {10.1890/09-2335.1},
  url = {http://www.esajournals.org/doi/abs/10.1890/09-2335.1},
  institution = {Ecology},
}

@Article{Zhang:1995bh,
  author = {S Y Zhang},
  title = {Effect of growth rate on wood specific gravity and selected mechanical properties in individual species from distinct wood categories},
  journal = {Wood Sci. Technol.},
  year = {1995},
  volume = {29},
  number = {6},
  pages = {451--465},
  publisher = {Springer-Verlag},
  doi = {10.1007/BF00194204},
  url = {http://link.springer.com/article/10.1007/BF00194204},
  institution = {Wood Science and Technology},
}
