@Article{Aiba:2009ft,
  author = {Masahiro Aiba and Tohru Nakashizuka},
  title = {Growth properties of 16 non-pioneer rain forest tree species differing in sapling architecture},
  journal = {J. Ecol.},
  year = {2009},
  volume = {97},
  number = {5},
  pages = {992--999},
  publisher = {Blackwell Publishing Ltd},
  doi = {10.1111/j.1365-2745.2009.01522.x},
  url = {http://doi.wiley.com/10.1111/j.1365-2745.2009.01522.x},
  institution = {Journal of Ecology},
}

@Article{Augspurger:1984ct,
  author = {Carol K Augspurger and Colleen K Kelly},
  title = {Pathogen mortality of tropical tree seedlings: experimental studies of the effects of dispersal distance, seedling density, and light conditions},
  journal = {Oecologia},
  year = {1984},
  volume = {61},
  number = {2},
  pages = {211--217},
  publisher = {Springer-Verlag},
  doi = {10.1007/BF00396763},
  institution = {Oecologia},
}

@Article{Beckmann:2012hn,
  author = {Michael Beckmann and Henrik von Wehrden},
  title = {Where you search is what you get: literature mining - {Google Scholar} versus {Web of Science} using a data set from a literature search in vegetation science},
  journal = {J. Veg. Sci.},
  year = {2012},
  volume = {23},
  number = {6},
  pages = {1197--1199},
  doi = {10.1111/j.1654-1103.2012.01454.x},
  url = {http://doi.wiley.com/10.1111/j.1654-1103.2012.01454.x},
  institution = {Journal of Vegetation Science},
}

@Book{Borenstein:2009um,
  author = {Michael Borenstein and Larry V Hedges and Julian P T Higgins and Hannah R Rothstein},
  title = {Introduction to meta-analysis},
  publisher = {John Wiley {\&} Sons},
  year = {2011},
  pages = {329},
  url = {http://books.google.com.au/books?id=JQg9jdrq26wC&printsec=frontcover&dq=Introduction+to+Meta+Analysis&hl=&cd=1&source=gbs_api},
}

@Article{Chapin:1980gz,
  author = {F S Chapin},
  title = {The Mineral Nutrition of Wild Plants},
  journal = {Annu. Rev. Ecol. Syst.},
  year = {1980},
  volume = {11},
  number = {1},
  pages = {233--260},
  doi = {10.1146/annurev.es.11.110180.001313},
  url = {http://arjournals.annualreviews.org/doi/abs/10.1146%2Fannurev.es.11.110180.001313},
  institution = {Annual Review of Ecology and Systematics},
}

@Article{Chave:2009iy,
  author = {J{\'e}r{\^o}me Chave and David Coomes and Steven Jansen and Simon L Lewis and Nathan G Swenson and Amy E Zanne},
  title = {Towards a worldwide wood economics spectrum},
  journal = {Ecol. Lett.},
  year = {2009},
  volume = {12},
  number = {4},
  pages = {351--366},
  doi = {10.1111/j.1461-0248.2009.01285.x},
  url = {http://www.ncbi.nlm.nih.gov/pubmed/19243406},
  institution = {Ecology Letters},
}

@Article{Clark:1999ed,
  author = {Deborah A Clark and David B Clark},
  title = {Assessing the growth of tropical rain forest trees: issues for forest modeling and management},
  year = {1999},
  journal = {Ecol. Appl.},
  volume = {9},
  number = {3},
  pages = {981--997},
  doi = {10.2307/2641344?ref=no-x-route:9ac2f8ee91ae496b697402f51672fb31},
  institution = {Ecological Applications},
}

@Article{Condit:1993hd,
  author = {Richard Condit and Stephen P Hubbell and Robin B Foster},
  title = {Identifying fast-growing native trees from the neotropics using data from a large, permanent census plot},
  journal = {Forest Ecol. Manag.},
  year = {1993},
  volume = {62},
  number = {1-4},
  pages = {123--143},
  doi = {10.1016/0378-1127(93)90046-P},
  institution = {Forest Ecology and Management},
}

@Article{Easdale:2009gv,
  author = {Tom{\'a}s A Easdale and John R Healey},
  title = {Resource-use-related traits correlate with population turnover rates, but not stem diameter growth rates, in 29 subtropical montane tree species},
  journal = {Perspect. Plant Ecol.},
  year = {2009},
  volume = {11},
  number = {3},
  pages = {203--218},
  publisher = {Elsevier},
  doi = {10.1016/j.ppees.2009.03.001},
  url = {http://dx.doi.org/10.1016/j.ppees.2009.03.001},
  institution = {Perspectives in Plant Ecology Evolution and Systematics},
}

@Article{Falster:2005bw,
  author = {Daniel S Falster and Mark Westoby},
  title = {Tradeoffs between height growth rate, stem persistence and maximum height among plant species in a post-fire succession},
  journal = {Oikos},
  year = {2005},
  volume = {111},
  number = {1},
  pages = {57--66},
  doi = {10.1111/j.0030-1299.2005.13383.x},
  url = {http://doi.wiley.com/10.1111/j.0030-1299.2005.13383.x},
  institution = {Oikos},
}

@Article{Falster:2011ii,
  author = {Daniel S Falster and {\AA} Br{\"a}nnstr{\"o}m and U Dieckmann and M Westoby},
  title = {Influence of four major plant traits on average height, leaf-area cover, net primary productivity, and biomass density in single-species forests: a theoretical investigation},
  journal = {J. Ecol.},
  year = {2011},
  volume = {99},
  number = {1},
  pages = {148--164},
  doi = {10.1111/j.1365-2745.2010.01735.x},
  url = {http://doi.org/10.1111/j.1365-2745.2010.01735.x},
  institution = {Journal of Ecology},
}

@Article{Falster:2015,
  title = {{BAAD}: a Biomass And Allometry Database for woody plants},
  author = {D S Falster and R A Duursma and M I Ishihara and D R Barneche and R G FitzJohn and A V{\aa}rhammar and {90 other}},
  journal = {Ecology},
  year = {2015},
  volume = {96},
  number = {5},
  pages = {In press},
  institution = {Ecology},
}

@Article{Grime:1975gr,
  author = {J P Grime and Roderick Hunt},
  title = {Relative growth-rate: its range and adaptive significance in a local flora},
  journal = {J. Ecol.},
  year = {1975},
  volume = {63},
  number = {2},
  pages = {393--422},
  doi = {10.2307/2258728},
  url = {http://www.jstor.org/stable/2258728?origin=crossref},
  institution = {Journal of Ecology},
}

@Article{Grime:1977kc,
  author = {J P Grime},
  title = {Evidence for the existence of three primary strategies in plants and its relevance to ecological and evolutionary theory},
  journal = {Am. Nat.},
  year = {1977},
  volume = {111},
  number = {982},
  pages = {1169--1194},
  publisher = {The American Society of Naturalists},
  doi = {10.2307/2460262?ref=no-x-route:7e045a2759edf09838f889144a2eddaf},
  institution = {American Naturalist},
}

@Article{Grime:1997wm,
  author = {J P Grime and K Thompson and R Hunt and J G Hodgson and Johannes H C Cornelissen and I H Rorison and G A F Hendry and T W Ashenden and A P Askew and S R Band and R E Booth and C C Bossard and B D Campbell and J E L Cooper and A W Davison and P L Gupta and W Hall and D W Hand and M A Hannah and S H Hillier and D J Hodkinson and A Jalili and Z Liu and J M L Mackey and N Matthews and M A Mowforth and A M Neal and R J Reader and K Reiling and W Ross-Fraser and R E Spencer and F S Sutton and D E Tasker and P C Thorpe and J Whitehouse},
  title = {Integrated screening validates primary axes of specialisation in plants},
  journal = {Oikos},
  year = {1997},
  volume = {79},
  pages = {259--281},
  institution = {Oikos},
}

@Book{grime1979plant,
  author = {J P Grime},
  title = {Plant strategies and vegetation processes},
  publisher = {J. Wiley and Sons},
  year = {1979},
  pages = {222},
  url = {http://books.google.com.au/books?id=r4shAAAACAAJ},
}

@Article{Herault:2011dd,
  author = {Bruno H{\'e}rault and B{\'e}n{\'e}dicte Bachelot and Lourens Poorter and Vivien Rossi and Frans Bongers and J{\'e}r{\^o}me Chave and C E Timothy Paine and Fabien Wagner and Christopher Baraloto},
  title = {Functional traits shape ontogenetic growth trajectories of rain forest tree species},
  journal = {J. Ecol.},
  year = {2011},
  volume = {99},
  number = {6},
  pages = {1431--1440},
  publisher = {Blackwell Publishing Ltd},
  doi = {10.1111/j.1365-2745.2011.01883.x},
  url = {http://onlinelibrary.wiley.com/doi/10.1111/j.1365-2745.2011.01883.x/abstract},
  institution = {Journal of Ecology},
}

@Article{Iida:2012jb,
  author = {Yoshiko Iida and Lourens Poorter and Frank J Sterck and Abd R Kassim and Takuya Kubo and Matthew D Potts and Takashi S Kohyama},
  title = {Wood density explains architectural differentiation across 145 co-occurring tropical tree species},
  journal = {Funct. Ecol.},
  year = {2012},
  volume = {26},
  number = {1},
  pages = {274--282},
  publisher = {Blackwell Publishing Ltd},
  doi = {10.1111/j.1365-2435.2011.01921.x},
  url = {http://doi.wiley.com/10.1111/j.1365-2435.2011.01921.x},
  institution = {Functional Ecology},
}

@Article{Iida:2014ep,
  author = {Yoshiko Iida and Takashi S Kohyama and Nathan G Swenson and Sheng-Hsin Su and Chien-Teh Chen and Jyh-Min Chiang and I-Fang Sun},
  title = {Linking functional traits and demographic rates in a subtropical tree community: the importance of size dependency},
  journal = {J. Ecol.},
  year = {2014},
  volume = {102},
  number = {3},
  pages = {641--650},
  doi = {10.1111/1365-2745.12221},
  url = {http://doi.wiley.com/10.1111/1365-2745.12221},
  institution = {Journal of Ecology},
}

@Article{Iida:2014hq,
  author = {Yoshiko Iida and Lourens Poorter and Frank Sterck and Abd Rahman Kassim and Matthew D Potts and Takuya Kubo and Takashi S Kohyama},
  title = {Linking size-dependent growth and mortality with architectural traits across 145 co-occurring tropical tree species},
  journal = {Ecology},
  year = {2014},
  volume = {95},
  number = {2},
  pages = {353--363},
  publisher = {Ecological Society of America},
  doi = {10.1890/11-2173.1},
  url = {http://www.esajournals.org/doi/abs/10.1890/11-2173.1},
  institution = {Ecology},
}

@InCollection{Jennions:2013ta,
  author = {Michael D Jennions and Christopher J Lortie and Michael S Rosenberg and Hannah R Rothstein},
  title = {Publication and related biases},
  booktitle = {Handbook of meta-analysis in ecology and evolution},
  editor = {Julia Koricheva and Jessica Gurevitch and Kerrie Mengersen},
  year = {2013},
  pages = {207--236},
  publisher = {Princeton University Press},
  url = {http://www.worldcat.org/title/handbook-of-meta-analysis-in-ecology-and-evolution/oclc/820123442},
}

@Book{Koricheva:2013tz,
  author = {Julia Koricheva and Jessica Gurevitch and Kerrie Mengersen},
  title = {Handbook of meta-analysis in ecology and evolution},
  publisher = {Princeton University Press},
  year = {2013},
  pages = {498},
  url = {http://books.google.com.au/books?id=l3oXBPrOkuYC&pg=PA483&dq=intitle:Handbook+of+Meta+analysis+in+Ecology+and+Evolution&hl=&cd=1&source=gbs_api},
}

@InCollection{Lajeunesse:2013tm,
  author = {M J Lajeunesse},
  title = {Recovering missing or partial data from studies: a survey of conversions and imputations for meta-analysis},
  booktitle = {Handbook of meta-analysis in ecology and evolution},
  year = {2013},
  editor = {J Koricheva and J Gurevitch and Kerrie Mengersen},
  pages = {195--206},
  publisher = {Princeton University Press},
  address = {Princeton, New Jersey, USA},
  url = {http://www.worldcat.org/title/handbook-of-meta-analysis-in-ecology-and-evolution/oclc/820123442},
}

@Article{Lambers:1992bj,
  author = {Hans Lambers and Hendrik Poorter},
  title = {inherent variation in growth rate between higher plants : a search for physiological causes and ecological consequences},
  journal = {Adv. Ecol. Res.},
  year = {1992},
  volume = {23},
  pages = {187--261},
  doi = {10.1016/S0065-2504(03)34004-8},
  institution = {Advances in Ecological Research},
}

@Article{Larjavaara:2010bn,
  author = {Markku Larjavaara and Helene C Muller-Landau},
  title = {Rethinking the value of high wood density},
  journal = {Funct. Ecol.},
  year = {2010},
  volume = {24},
  number = {4},
  pages = {701--705},
  publisher = {Blackwell Publishing Ltd},
  doi = {10.1111/j.1365-2435.2010.01698.x},
  institution = {Functional Ecology},
}

@Article{Lavorel:2002ff,
  author = {S Lavorel and E Garnier},
  title = {Predicting changes in community composition and ecosystem functioning from plant traits: revisiting the {Holy Grail}},
  journal = {Funct. Ecol.},
  year = {2002},
  volume = {16},
  number = {5},
  pages = {545--556},
  publisher = {Blackwell Science Ltd},
  doi = {10.1046/j.1365-2435.2002.00664.x},
  institution = {Functional Ecology},
}

@Article{Moles:2006ft,
  author = {Angela T Moles and Mark Westoby},
  title = {Seed size and plant strategy across the whole life cycle},
  journal = {Oikos},
  year = {2006},
  volume = {113},
  number = {1},
  pages = {91--105},
  publisher = {Blackwell Publishing Ltd},
  doi = {10.1111/j.0030-1299.2006.14194.x},
  institution = {Oikos},
}

@Article{MullerLandau:2004dc,
  author = {Helene C Muller-Landau},
  title = {Interspecific and inter-site variation in wood specific gravity of tropical trees},
  journal = {Biotropica},
  year = {2004},
  volume = {36},
  number = {1},
  pages = {20--32},
  doi = {10.1111/j.1744-7429.2004.tb00292.x},
  url = {http://doi.wiley.com/10.1111/j.1744-7429.2004.tb00292.x},
  institution = {Biotropica},
}

@Article{Paine:2015df,
  author = {C E Timothy Paine and Lucy Amissah and Harald Auge and Christopher Baraloto and Martin Baruffol and Nils Bourland and Helge Bruelheide and Kasso Da{\"\i}nou and Roland C de Gouvenain and Jean-Louis Doucet and Susan Doust and Paul V A Fine and Claire Fortunel and Josephine Haase and Karen D Holl and Herv{\'e} Jactel and Xuefei Li and Kaoru Kitajima and Julia Koricheva and Cristina Mart{\'\i}nez-Garza and Christian Messier and Alain Paquette and Christopher Philipson and Daniel Piotto and Lourens Poorter and Juan M Posada and Catherine Potvin and Kalle Rainio and Sabrina E Russo and Mariacarmen Ruiz-Jaen and Michael Scherer-Lorenzen and Campbell O Webb and S Joseph Wright and Rakan A Zahawi and Andy Hector},
  title = {Globally, functional traits are weak predictors of juvenile tree growth, and we do not know why},
  journal = {J. Ecol.},
  year = {2015},
  pages = {in press},
  doi = {10.1111/1365-2745.12401},
  url = {http://doi.wiley.com/10.1111/1365-2745.12401},
  institution = {Journal of Ecology},
}

@InCollection{Poorter:1989tx,
  author = {Hendrik Poorter},
  title = {Interspecific variation in relative growth rate: on ecological causes and physiological consequences},
  booktitle = {Causes and consequences of variation in growth rate and productivity of higher plants},
  year = {1989},
  editor = {Hans Lambers and M L Cambridge and H Konings and T L Pons},
  pages = {1--24},
  publisher = {Academic Publishing},
  address = {The Hague, The Netherlands},
}

@InCollection{Poorter:1999wd,
  author = {Eric Garnier and Hendrik Poorter},
  title = {Ecological significance of inherent variation in relative growth rate and its components},
  booktitle = {Handbook of functional plant ecology},
  year = {2007},
  editor = {Francisco I Pugnaire and Fernando Valladares},
  pages = {81--120},
  publisher = {CRC Press},
  doi = {10.1201/9781420007626.ch3},
  url = {http://www.crcnetbase.com/doi/abs/10.1201/9781420007626.ch3},
}

@Article{Poorter:2006vb,
  author = {Lourens Poorter and Frans Bongers},
  title = {Leaf traits are good predictors of plant performance across 53 rain forest species},
  journal = {Ecology},
  year = {2006},
  volume = {87},
  number = {7},
  pages = {1733--1743},
  url = {http://eutils.ncbi.nlm.nih.gov/entrez/eutils/elink.fcgi?dbfrom=pubmed&id=16922323&retmode=ref&cmd=prlinks},
  institution = {Ecology},
}


@Article{Poorter:2008iu,
  author = {L Poorter and S J Wright and H Paz and D D Ackerly and Richard Condit and G Ibarra-Manriques and K E Harms and J C Licona and M Martinez-Ramos and S J Mazer and H C Muller-Landau and M Pena-Claros and C O Webb and I J Wright},
  title = {Are functional traits good predictors of demographic rates? Evidence from five {Neotropical} forests},
  journal = {Ecology},
  year = {2008},
  volume = {89},
  number = {7},
  pages = {1908--1920},
  doi = {10.1890/07-0207.1},
  url = {http://www.esajournals.org/doi/abs/10.1890/07-0207.1?rft.atitle=Are+functional+traits+good+predictors+of+demographic+rates?+Evidence+from+five+Neotropical+forests&rft.volume=89&rft.title=Ecology+(Durham)&rft.issue=7&url_ver=Z39.88-2004&rft.issn=0012-9658&rft.genre=article&rft.stitle=ecol&rft.spage=1908},
  institution = {Ecology},
}

@Manual{Ralanguageanden:2014wf,
  title = {R: A Language and Environment for Statistical Computing},
  author = {{R Core Team}},
  organization = {R Foundation for Statistical Computing},
  address = {Vienna, Austria},
  year = {2014},
  url = {http://www.R-project.org/},
}

@Article{Reich:1992wm,
  author = {P B Reich and M B Walters and D S Ellsworth},
  title = {Leaf life-span in relation to leaf, plant, and stand characteristics among diverse ecosystems},
  journal = {Ecol. Monogr.},
  year = {1992},
  volume = {62},
  number = {3},
  pages = {365--392},
  doi = {10.2307/2937116},
  url = {http://www.jstor.org/stable/2937116?origin=crossref},
  institution = {Ecological Monographs},
}

@Article{Ruger:2012jv,
  author = {Nadja R{\"u}ger and Christian Wirth and S Joseph Wright and Richard Condit},
  title = {Functional traits explain light and size response of growth rates in tropical tree species},
  journal = {Ecology},
  year = {2012},
  volume = {93},
  number = {12},
  pages = {2626--2636},
  doi = {10.1890/12-0622.1},
  url = {http://www.esajournals.org/doi/abs/10.1890/12-0622.1},
  institution = {Ecology},
}

@Article{Scheiter:2013ed,
  author = {Simon Scheiter and Liam Langan and Steven I Higgins},
  title = {Next-generation dynamic global vegetation models: learning from community ecology},
  journal = {New Phytol.},
  year = {2013},
  volume = {198},
  number = {3},
  pages = {957--969},
  doi = {10.1111/nph.12210},
  url = {http://doi.wiley.com/10.1111/nph.12210},
  institution = {New Phytologist},
}

@Article{Shipley:1990js,
  author = {Bill Shipley and Robert H Peters},
  title = {A test of the {Tilman} model of plant strategies: relative growth rate and biomass partitioning},
  journal = {Am. Nat.},
  year = {1990},
  volume = {136},
  number = {2},
  pages = {139--153},
  publisher = {The American Society of Naturalists},
  doi = {10.2307/2462321?ref=no-x-route:8c5300cb1d65cc0e95668018b36fb636},
  institution = {American Naturalist},
}

@Article{Shipley:2006ie,
  author = {B Shipley},
  title = {Net assimilation rate, specific leaf area and leaf mass ratio: which is most closely correlated with relative growth rate? A meta-analysis},
  journal = {Funct. Ecol.},
  year = {2006},
  volume = {20},
  number = {4},
  pages = {565--574},
  publisher = {Blackwell Publishing Ltd},
  doi = {10.1111/j.1365-2435.2006.01135.x},
  institution = {Functional Ecology},
}

@Article{Thomas:1996do,
  author = {Sean C Thomas},
  title = {Asymptotic height as a predictor of growth and allometric characteristics in {Malaysian} rain forest trees},
  journal = {Am. J. Bot.},
  year = {1996},
  volume = {83},
  number = {5},
  pages = {556},
  doi = {10.2307/2445913},
  institution = {American Journal of Botany},
}

@Article{Turnbull:2012ew,
  author = {Lindsay A Turnbull and Christopher D Philipson and Drew W Purves and Rebecca L Atkinson and Jennifer Cunniff and Anne Goodenough and Yann Hautier and Jennie Houghton and Toby R Marthews and Colin P Osborne and Clo{\'e} Paul-Victor and Karen E Rose and Philippe Saner and Samuel H Taylor and F Ian Woodward and Andy Hector and Mark Rees},
  title = {Plant growth rates and seed size: a re-evaluation},
  journal = {Ecology},
  year = {2012},
  volume = {93},
  number = {6},
  pages = {1283--1289},
  doi = {10.1890/11-0261.1},
  url = {http://www.esajournals.org/doi/abs/10.1890/11-0261.1},
  institution = {Ecology},
}

@Article{Wenk:2014jz,
  author = {E H Wenk and D S Falster},
  title = {Quantifying and understanding reproductive allocation schedules in plants: a lifetime of decisions},
  year = {2014},
  journal = {Biorxiv},
  doi = {10.1101/008508},
  volume = {http://biorxiv.org/lookup/doi/10.1101/008508},
}

@Article{Westoby:2002ft,
  author = {Mark Westoby and Daniel S Falster and Angela T Moles and Peter A Vesk and Ian J Wright},
  title = {Plant ecological strategies: {some} leading dimensions of variation between species},
  journal = {Annu. Rev. Ecol. Syst.},
  year = {2002},
  volume = {33},
  number = {1},
  pages = {125--159},
  doi = {10.1146/annurev.ecolsys.33.010802.150452},
  url = {http://arjournals.annualreviews.org/doi/abs/10.1146%2Fannurev.ecolsys.33.010802.150452},
  institution = {Annual Review of Ecology and Systematics},
}

@Article{Wright:1999ds,
  author = {Ian J Wright and Mark Westoby},
  title = {Differences in seedling growth behaviour among species: trait correlations across species, and trait shifts along nutrient compared to rainfall gradients},
  journal = {J. Ecol.},
  year = {1999},
  volume = {87},
  number = {1},
  pages = {85--97},
  publisher = {Blackwell Science Ltd},
  doi = {10.1046/j.1365-2745.1999.00330.x},
  institution = {Journal of Ecology},
}

@Article{Wright:2004jb,
  author = {Ian J Wright and Peter B Reich and Mark Westoby and David D Ackerly and Zdravko Baruch and Frans Bongers and Jeannine Cavender-Bares and Terry Chapin and Johannes H C Cornelissen and Matthias Diemer and Jaume Flexas and Eric Garnier and Philip K Groom and Javier Gulias and Kouki Hikosaka and Byron B Lamont and Tali Lee and William Lee and Christopher Lusk and Jeremy J Midgley and Marie-Laure Navas and Uuml lo Niinemets and Jacek Oleksyn and Noriyuki Osada and Hendrik Poorter and Pieter Poot and Lynda Prior and Vladimir I Pyankov and Catherine Roumet and Sean C Thomas and MarK G Tjoelker and Erik J Veneklaas and Rafael Villar},
  title = {The worldwide leaf economics spectrum},
  journal = {Nature},
  year = {2004},
  volume = {428},
  number = {6985},
  pages = {821--827},
  publisher = {Nature Publishing Group},
  doi = {10.1038/nature02403},
  institution = {Nature},
}

@Article{Wright:2010tp,
  author = {S Joseph Wright and Kaoru Kitajima and Nathan J B Kraft and Peter B Reich and Ian J Wright and Daniel E Bunker and Richard Condit and James W Dalling and Stuart J Davies and Sandra D{\'\i}az and Bettina M J Engelbrecht and Kyle E Harms and Stephen P Hubbell and Christian O Marks and Maria C Ruiz-Jaen and Cristina M Salvador and Amy E Zanne},
  title = {Functional traits and the growth--mortality trade-off in tropical trees},
  journal = {Ecology},
  year = {2010},
  volume = {91},
  number = {12},
  pages = {3664--3674},
  doi = {10.1890/09-2335.1},
  url = {http://www.esajournals.org/doi/abs/10.1890/09-2335.1},
  institution = {Ecology},
}

@Book{Zuur:2009cfa,
  author = {Alain Zuur and Elena N Ieno and Neil Walker and Anatoly A Saveliev and Graham M Smith},
  title = {Mixed effects models and extensions in ecology with R},
  publisher = {Springer Science {\&} Business Media},
  year = {2009},
  series = {Statistics for Biology and Health},
  address = {New York, NY},
  doi = {10.1007/978-0-387-87458-6},
  isbn = {9780387874586},
}

@Article{coomes_comparison_1998,
  author = {D A Coomes and P J Grubb},
  title = {A comparison of 12 tree species of Amazonian caatinga using growth rates in gaps and understorey, and allometric relationships},
  journal = {Funct. Ecol.},
  year = {1998},
  volume = {12},
  number = {3},
  pages = {426--435},
  doi = {10.1046/j.1365-2435.1998.00211.x},
  url = {http://doi.wiley.com/10.1046/j.1365-2435.1998.00211.x},
  institution = {Functional Ecology},
}

@Article{falster:2013,
  title = {Growth trajectories: a new way of understanding the influence of traits on plant growth},
  doi = {10.6084/m9.figshare.775379},
  url = {http://dx.doi.org/10.6084/m9.figshare.775379},
  pages = {http://dx.doi.org/10.6084/m9.figshare.775379},
  journal = {Figshare},
  author = {Daniel Falster},
  year = {2013},
}

